@online{javatutorials,
    author = {Oracle Corporation},
    title = {Java Tutorials},
    date = {2014},
    url = {http://docs.oracle.com/javase/tutorial/}
}
